<record><leader>00000cas a22000007a 4500</leader><controlfield tag="001">10463855</controlfield><controlfield tag="008">840227d19721973vi wr ne      0   a0eng d</controlfield><controlfield tag="009">3770</controlfield><datafield ind1=" " ind2=" " tag="010"><subfield code="a">sn 84037511 </subfield></datafield><datafield ind1=" " ind2=" " tag="040"><subfield code="a">NVI</subfield><subfield code="b">eng</subfield><subfield code="c">NPV</subfield><subfield code="d">DLC</subfield></datafield><datafield ind1="1" ind2=" " tag="029"><subfield code="a">AU@</subfield><subfield code="b">000025812974</subfield></datafield><datafield ind1=" " ind2=" " tag="042"><subfield code="a">msc</subfield></datafield><datafield ind1="0" ind2="0" tag="245"><subfield code="a">Carib post.</subfield></datafield><datafield ind1="1" ind2="7" tag="246"><subfield code="a">Carib</subfield></datafield><datafield ind1=" " ind2=" " tag="260"><subfield code="a">Charlotte Amalie, St. Thomas, V.I. :</subfield><subfield code="b">West Indies Pub. Co.,</subfield><subfield code="c">1972-1973.</subfield></datafield><datafield ind1=" " ind2=" " tag="300"><subfield code="a">1 v. :</subfield><subfield code="b">ill. ;</subfield><subfield code="c">38 cm.</subfield></datafield><datafield ind1=" " ind2=" " tag="310"><subfield code="a">Weekly</subfield></datafield><datafield ind1="0" ind2=" " tag="362"><subfield code="a">Vol. 3, no. 86 (Sept. 28, 1972)-v. 3, no. 124 (June 30, 1973).</subfield></datafield><datafield ind1=" " ind2=" " tag="500"><subfield code="a">Editor: Earle B. Ottley.</subfield></datafield><datafield ind1="1" ind2=" " tag="700"><subfield code="a">Ottley, Earle B.</subfield></datafield><datafield ind1=" " ind2=" " tag="752"><subfield code="a">United States</subfield><subfield code="b">Virgin Islands</subfield><subfield code="c">Saint Thomas</subfield><subfield code="d">Charlotte Amalie.</subfield></datafield><datafield ind1="0" ind2="0" tag="780"><subfield code="t">Carib</subfield></datafield><datafield ind1="0" ind2="0" tag="785"><subfield code="t">Daily post (Saint Thomas, V.I.)</subfield><subfield code="w">(DLC)sn 84037512</subfield></datafield></record>